
@article{Anderson2018Deceptive,
  title={Deceptive Games},
  author={Anderson, Damien and Stephenson, Matthew and Togelius, Julian and Salge, Christian and Renz, Jochen},
  pages = {},
  year={2018},
}

@article{Dubey2018HumanPriors,
  title={INVESTIGATING HUMAN PRIORS FOR PLAYING VIDEO GAMES},
  author = {Dubey, Rachit and Agrawal, Pulkit and Pathak, Deepak and Griffiths, Thomas L. and Efros, Alexei A.},
  Booktitle = {ICML},
  Year = {2018}
}

@article{Emekligil2019WhatsGame,
  title = {What’s in a Game? The Effect of Game Complexity on Deep Reinforcement Learning},
  author = {Emekligil, Erdem and Alpaydın, Ethem},
  pages = {147-163},
  year = {2019},
  month = {06},
  isbn = {978-3-030-24336-4},
  doi = {10.1007/978-3-030-24337-1_8}
}

@article{Bontrager2019Superstition,
  title = {Superstition in the Network: Deep Reinforcement Learning Plays Deceptive Games},
  author = {Bontrager, Philip and Khalifa, Ahmed and Anderson, Damien and Stephenson, Matthew and Salge, Christoph and Togelius, Julian},
  pages = {},
  year = {2019},
  month = {08},
}

@article{Aponte2009MeasuringDif,
  title = {Measuring the level of difficulty in single player video games},
  author = {Aponte, Maria-Virginia and Levieux, Guillaume and Natkin, Stéphane},
  pages = {},
  year = {2009},
  month = {01},
  volume = {2},
  journal = {Entertainment Computing},
  doi = {10.1016/j.entcom.2011.04.001}
}

@article{Aponte2011DifVideoGames,
  title = {Difficulty in Video Games : An Experimental Validation of a Formal Definition},
  author = {Aponte, Maria-Virginia and Levieux, Guillaume and Natkin, Stéphane},
  pages = {49},
  year = {2011},
  month = {11},
  journal = {ACM International Conference Proceeding Series},
  doi = {10.1145/2071423.2071484}
}

@article{Smeddinck2016PresentGameDif,
  title = {How to Present Game Difficulty Choices?: Exploring the Impact on Player Experience},
  author = {Smeddinck, Jan and Mandryk, Regan and Birk, Max and Gerling, Kathrin and Barsilowski, Dietrich and Malaka, Rainer},
  pages = {5595-5607},
  year = {2016},
  month = {05},
  doi = {10.1145/2858036.2858574}
}

@article{Plumed2018DualIn,
  title = {Dual Indicators to Analyse AI Benchmarks: Difficulty, Discrimination, Ability and Generality},
  author = {Plumed, Fernando and Hernandez-Orallo, Jose},
  pages = {1-1},
  year = {2018},
  month = {11},
  volume = {PP},
  journal = {IEEE Transactions on Games},
  doi = {10.1109/TG.2018.2883773}
}

@article{Sarkar2019TransDif,
title = {Transforming Game Difficulty Curves Using Function Composition},
author = {Sarkar, Anurag and Cooper, Seth},
year = {2019},
isbn = {9781450359702},
publisher = {Association for Computing Machinery},
address = {New York, NY, USA},
url = {https://doi.org/10.1145/3290605.3300781},
doi = {10.1145/3290605.3300781},
booktitle = {Proceedings of the 2019 CHI Conference on Human Factors in Computing Systems},
articleno = {Paper 551},
numpages = {7},
keywords = {adaptivity, difficulty curve, games, difficulty},
location = {Glasgow, Scotland Uk},
series = {CHI ’19}
}